@manual{V64,
  author = {TU Dortmund},
  title = {V64 - Interferometrie},
  year = {2022},
  url = {https://moodle.tu-dortmund.de/pluginfile.php/1732166/mod_resource/content/5/V64.pdf}
}

@online{psPol,
  title = Grundlagen der Polarisation,
  url = https://www.edmundoptics.de/knowledge-center/application-notes/optics/introduction-to-polarization/,
  urldate = {2022-01-12}
}

@manual{teachspin,
    title   = {TeachSpin's Modern Interferometry},
    subtitle = {A Conceptual Introduction to the Experiment},
    url = {https://drive.google.com/file/d/0B1nZP55TUGJMN1VyUWhFT0tnVDg/view, https://www.teachspin.com/modern-interferometry},
    date = {2017},
    author = {TeachSpin, Inc.}
}