@manual{V01,
  author = {TU Dortmund},
  title = {Versuchsanleitung},
  subtitle = {V01 Lebensdauer kosmischer Myonen},
  year = {2021}
}

@book{Grupen,
  author = {Claus Grupen},
  title = {Einstieg in die Astroteilchenphysik},
  year = {2018},
  publisher = {Springer}
}

@manual{lebensdauer,
  author = "Lukas PÃ¶rtner",
  title = "Myonen und Zeitdilatation",
  url = "http://www.physik.uni-bielefeld.de/~yorks/pro13/poertner.pdf",
  date = "2018-01-17",
  }