@manual{V51,
  author = {TU Dortmund},
  title = {Versuchsanleitung},
  subtitle = {V51 Schaltungen mit Operationsverst채rkern},
  year = {2022},
  url ="https://moodle.tu-dortmund.de/pluginfile.php/1732162/mod_resource/content/9/V51 Operationsverst채rker.pdf"
}

@manual{V51old,
  author = "TU Dortmund",
  title = "Versuch Nr. 51 - Schaltungen mit Operationsverst채rkern",
  year = "2019",

}

@online{SchmittTrigger,
  title = "Schmitt-Trigger (nicht-invertierender)",
  urldate = "2022-02-15",
  url = "https://www.elektronik-kompendium.de/sites/bau/0209241.htm",
}

@online{Verstaerkung,
  title = "Grundlagen der Operationsverst채rker",
  urldate = "2022-02-15",
  url = "https://www.batronix.com/versand/know-how/op-amp.html#04",
}

@online{int_data,
  title = "Messdaten des invertierenden Integrators und des invertierenden Differenzieres",
  urldate = "2022-02-15",
  url = "https://github.com/komrozik/Master_FP/tree/main/V51-Operationsverstaerker/data",
}
@online{int_picture,
  title = "Oszilloskopaufahmen des invertierenden Integrators und des invertierenden Differenzieres",
  urldate = "2022-02-15",
  url = "https://github.com/komrozik/Master_FP/tree/main/V51-Operationsverstaerker/Oszi_Bilder",
}

@online{schmitt,
  title = "Oszilloskopaufahmen des Schmitt Triggers",
  urldate = "2022-02-15",
  url = "https://github.com/JLammering/Master-Praktikum/tree/master/Operationsverstaerker/Schlager",
}

@online{signal,
  title = "Oszilloskopaufahmen des Signalgenerators",
  urldate = "2022-02-15",
  url = "https://github.com/JLammering/Master-Praktikum/tree/master/Operationsverstaerker/Schlager",
}