@manual{anleitung,
	author = {TU Dortmund},
	title = {V14 Thomographie},
	year ={2019},
	url = {https://moodle.tu-dortmund.de/pluginfile.php/1136036/mod_resource/content/4/V14_V1.pdf}
}
@book{radio,
title = 	{Radioaktivität},
subtitle=	{Grundlagen-Messung-Anwendungen},
author = 	{Werner Stolz},
edition = 	{4},
year = 		{2003},
publisher = {Teubner}
},

@book{least_squares,
  title={Statistische und numerische Methoden der Datenanalyse},
  author={Blobel, V. and Lohrmann, E.},
  isbn={9783663056904},
  series={Teubner Studienb{\"u}cher Physik},
  year={2013},
  publisher={Vieweg+Teubner Verlag}
},
@online{werte,
  title = {XCOM: Photon Cross Sections Database},
  url = {https://physics.nist.gov/cgi-bin/Xcom/},
  urldate = {2020-06}
},
@online{bild,
  url={https://commons.wikimedia.org/wiki/File:Szintillationsz%C3%A4hler.png},
  title={Bild Szintillationszähler},
  urldate={2020-06-24},
},
