@article{vis,
  author          = {Joseph Kestin, Mordechai Sokolov und William A. Wakehame},
  title           = {Viscosity of liquid water in range -8°C to 150°C},
  journal         = {Journal of Physical and Chemical Reference Data},
  volume          = {7.3},
  year            = {1978},
  doi             = {10.1063/1.555581},
}

@manual{Anleitung,
  author = {TU Dortmund},
  title = {Versuchsanleitung zu V49: Messung von Diffusionskonstanten mittels gepulster Kernspinresonanz},
  year = 2022
}

@online{gyro_wiki,
  title = "Gyromagnetischen Verhältnis von Protonen",
  urldate = "2022-01-25",
  url = "https://de.wikipedia.org/wiki/Gyromagnetisches_Verh%C3%A4ltnis",
}
@online{wasser,
  title = "Molekülmasse von Wasser",
  urldate = "2022-01-25",
  url = "https://de.wikipedia.org/wiki/Molek%C3%BClmasse",
}
@online{dichte,
  title = "Dichte von Wasser bei 25°C",
  urldate = "2022-01-25",
url = "https://pubchem.ncbi.nlm.nih.gov/compound/Water#datasheet=LCSS&section=Solubility",
}
@manual{diff, 
  author = {DC Chang u.a.},
  title = {Spin echo studies on cellular water},
  journal = {Nature},
  year = {1972}
}